@misc{fireant,
      title={{Trang chủ FireAnt}}, 
      author={FireAnt},
      year={2024},
      howpublished={\url{https://fireant.vn}}, 
}

@misc{vnstocks,
      title={{Tài liệu thư viện vnstocks}}, 
      author={VNStocks team},
      year={2024},
      howpublished={\url{https://vnstocks.com/docs/tai-lieu/huong-dan-nhanh}}, 
}

@misc{das2023comparativestudytfidffeature,
      title={{A Comparative Study on TF-IDF feature Weighting Method and its Analysis using Unstructured Dataset}}, 
      author={Mamata Das and Selvakumar K. and P. J. A. Alphonse},
      year={2023},
      eprint={2308.04037},
      archivePrefix={arXiv},
      primaryClass={cs.CL},
      howpublished={\url{https://arxiv.org/abs/2308.04037}}, 
}

@misc{mokhtari2023impacttwittersentimentsstock,
      title={{The Impact of Twitter Sentiments on Stock Market Trends}}, 
      author={Melvin Mokhtari and Ali Seraj and Niloufar Saeedi and Adel Karshenas},
      year={2023},
      eprint={2302.07244},
      archivePrefix={arXiv},
      primaryClass={cs.LG},
      howpublished={\url{https://arxiv.org/abs/2302.07244}}, 
}

@inproceedings{Doan_2022,
   title={{Improving Sentiment Analysis By Emotion Lexicon Approach on Vietnamese Texts}},
   
   DOI={10.1109/ialp57159.2022.9961318},
   booktitle={2022 International Conference on Asian Language Processing (IALP)},
   publisher={IEEE},

   author={Doan, An Long and Luu, Son T.},

   year={2022},
note={\url{http://dx.doi.org/10.1109/IALP57159.2022.9961318}},
   month=oct, pages={39–44} 
}

@misc{gilbert2019rf,
      title={{Sentiment Analysis with TFIDF and Random Forest}}, 
      author={Kaggle: Ona\_Gilbert},
      year={2019},
      howpublished={\url{https://www.kaggle.com/code/onadegibert/sentiment-analysis-with-tfidf-and-random-forest}}, 
}

@misc{ttcd2024correlation,
      title={Sự khác biệt giữa {Tương quan (Correlation)} và {Hồi quy}}, 
      author={Tri thức cộng đồng},
      year={2024},
    howpublished={\url{https://trithuccongdong.net/hoi-dap/tuong-quan-la-gi-su-khac-biet-giua-tuong-quan-correlation-va-hoi-quy.html}},
    note = "[Online; truy cập 11/2024]"
}

@misc{imblearn,
      title={{imbalanced-learn documentation}}, 
      author={imbalanced-learn developers},
      year={2024},
      howpublished={\url{https://imbalanced-learn.org/stable/index.html}}, 
    note = "[Online; truy cập 11/2024]"
}
@misc{fdtv2018,
      title={From Data to Viz}, 
      author={Yan Holtz and Conor Healy},
      year={2018},
      howpublished={\url{https://www.data-to-viz.com/}}, 
        note = "[Online; truy cập 11/2024]"
}
@misc{g4gmarkov,
      title={{Markov Chains Python Implement}}, 
      author={GeeksForGeeks},
      year={2021},
      howpublished={\url{https://www.geeksforgeeks.org/markov-chain/}}, 
        note = "[Online; truy cập 11/2024]"
}

@misc{phuong2022quanhethitruongchungkhoan,
      title={Mối quan hệ giữa thị trường chứng khoán các nước và {Việt Nam}}, 
      author={Nguyễn Phan Trúc Phương and Hồ Thị Lam and Võ Xuân Vinh},
      year={2022},
      howpublished={\url{https://ktpt.neu.edu.vn/Uploads/Bai%20bao/2022/So%20299/380642.pdf}}, 
}

@misc{vne2022vnindex,
      title={{VN-Index}, {VN30-Index} và cách tính toán}, 
      author={VNExpress},
      year={2022},
      howpublished={\url{https://vnexpress.net/vn-index-vn30-index-va-cach-tinh-toan-4297351.html}}, 
    note = "[Online; truy cập 11/2024]"
}

@misc{vnoffensive,
      title={{Danh mục từ thô tục của Việt Nam}}, 
      author={GitHub: BlueEyesVN},
      year={2021},
      howpublished={\url{https://github.com/blue-eyes-vn/vietnamese-offensive-words}}, 
}

@misc{vnstopwords,
      title={{vietnamese-stopwords}}, 
      author={Duyet Le},
      year={2017},
      howpublished={\url{https://github.com/stopwords/vietnamese-stopwords/blob/master/vietnamese-stopwords.txt}}, 
}

@misc{datta2024transformers,
      title={{Building a Multimodal Sentiment Analysis Model using Transformers}}, 
      author={Pinak Datta},
      year={2024},
      howpublished={\url{https://medium.com/@pinakdatta/mastering-multimodal-sentiment-analysis-with-transformers-a7d0acf47569}}, 
}

